%% This BibTeX bibliography file was created using BibDesk.
%% http://bibdesk.sourceforge.net/

%% Created for Grey Ballard at 2021-07-02 16:20:18 -0400 


%% Saved with string encoding Unicode (UTF-8) 



@ieeetranbstctl{IEEE:BSTcontrol,
	ctlmax_names_forced_etal = {5},
	ctlnames_show_etal = {2},
	ctluse_forced_etal = {yes}}

@article{BCRL79,
	author = {D. Bini and M. Capovani and F. Romani and G. Lotti},
	doi = {10.1016/0020-0190(79)90113-3},
	file = {:BCRL79.pdf:PDF},
	issn = {0020-0190},
	journal = {{Information Processing Letters}},
	keywords = {Analysis of algorithms; computational complexity; numerical mathematics},
	number = {5},
	pages = {234--235},
	title = {{$O(n^{2.7799})$} complexity for {$n \times n$} approximate matrix multiplication},
	url = {http://dx.doi.org/10.1016/0020-0190(79)90113-3},
	volume = {8},
	year = {1979},
	Bdsk-Url-1 = {http://dx.doi.org/10.1016/0020-0190(79)90113-3}}

@inproceedings{BM+20,
	author = {Brown, Tom and others},
	booktitle = {Advances in Neural Information Processing Systems},
	date-modified = {2021-07-02 16:19:22 -0400},
	editor = {H. Larochelle and M. Ranzato and R. Hadsell and M. F. Balcan and H. Lin},
	pages = {1877--1901},
	publisher = {Curran Associates, Inc.},
	title = {Language Models are Few-Shot Learners},
	url = {https://papers.nips.cc/paper/2020/hash/1457c0d6bfcb4967418bfb8ac142f64a-Abstract.html},
	volume = {33},
	year = {2020},
	Bdsk-Url-1 = {https://papers.nips.cc/paper/2020/hash/1457c0d6bfcb4967418bfb8ac142f64a-Abstract.html}}

@article{LBBH98,
	author = {LeCun, Y. and Bottou, L. and Bengio, Y. and Haffner, P.},
	journal = {Proceedings of the IEEE},
	month = {November},
	number = {11},
	pages = {2278-2324},
	title = {Gradient-Based Learning Applied to Document Recognition},
	url = {https://doi.org/10.1109/5.726791},
	volume = {86},
	year = {1998},
	Bdsk-Url-1 = {https://doi.org/10.1109/5.726791}}

@inproceedings{WWB20,
	author = {Wang, Yu Emma and Wei, Gu-Yeon and Brooks, David},
	booktitle = {Proceedings of Machine Learning and Systems},
	editor = {I. Dhillon and D. Papailiopoulos and V. Sze},
	file = {:WWB20.pdf:PDF},
	pages = {30--43},
	series = {MLSys '20},
	title = {A Systematic Methodology for Analysis of Deep Learning Hardware and Software Platforms},
	url = {https://proceedings.mlsys.org/paper/2020/hash/c20ad4d76fe97759aa27a0c99bff6710-Abstract.html},
	volume = {2},
	year = {2020},
	Bdsk-Url-1 = {https://proceedings.mlsys.org/paper/2020/hash/c20ad4d76fe97759aa27a0c99bff6710-Abstract.html}}

@article{HYvdG20,
	address = {New York, NY, USA},
	articleno = {1},
	author = {Huang, Jianyu and Yu, Chenhan D. and Geijn, Robert A. van de},
	doi = {10.1145/3372419},
	file = {:HYvdG20.pdf:PDF},
	issn = {0098-3500},
	issue_date = {April 2020},
	journal = {ACM Transactions on Mathematical Software},
	month = mar,
	number = {1},
	numpages = {22},
	publisher = {Association for Computing Machinery},
	title = {Strassen's Algorithm Reloaded on {GPU}s},
	url = {https://doi.org/10.1145/3372419},
	volume = {46},
	year = {2020},
	Bdsk-Url-1 = {https://doi.org/10.1145/3372419}}

@inproceedings{SZ15,
	author = {Karen Simonyan and Andrew Zisserman},
	booktitle = {International Conference on Learning Representations},
	file = {:SZ15.pdf:PDF},
	title = {Very Deep Convolutional Networks for Large-Scale Image Recognition},
	url = {https://arxiv.org/abs/1409.1556},
	year = {2015},
	Bdsk-Url-1 = {https://arxiv.org/abs/1409.1556}}

@inproceedings{HRMvdG17,
	author = {Jianyu Huang and Leslie Rice and Devin A. Matthews and Robert van de Geijn},
	booktitle = {Proceedings of the 31st IEEE International Parallel and Distributed Processing Symposium},
	doi = {10.1109/IPDPS.2017.56},
	file = {:HRMvdG17.pdf:PDF},
	pages = {656-667},
	title = {Generating Families of Practical Fast Matrix Multiplication Algorithms},
	url = {https://doi.org/10.1109/IPDPS.2017.56},
	year = {2017},
	Bdsk-Url-1 = {https://doi.org/10.1109/IPDPS.2017.56}}

@inproceedings{LAES13,
	author = {P. {Lai} and H. {Arafat} and V. {Elango} and P. {Sadayappan}},
	booktitle = {20th Annual International Conference on High Performance Computing},
	doi = {10.1109/HiPC.2013.6799109},
	pages = {139-148},
	title = {Accelerating {Strassen-Winograd's} matrix multiplication algorithm on {GPU}s},
	url = {https://doi.org/10.1109/HiPC.2013.6799109},
	year = {2013},
	Bdsk-Url-1 = {https://doi.org/10.1109/HiPC.2013.6799109}}

@article{BLR80,
	author = {Bini, Dario and Lotti, Grazia and Romani, Francesco},
	file = {BLR80.pdf:BLR80.pdf:PDF},
	journal = {SIAM Journal on Computing},
	number = {4},
	pages = {692--697},
	publisher = {SIAM},
	title = {Approximate solutions for the bilinear form computational problem},
	url = {http://epubs.siam.org/doi/10.1137/0209053},
	volume = {9},
	year = {1980},
	Bdsk-Url-1 = {http://epubs.siam.org/doi/10.1137/0209053}}

@article{BBDLS16,
	author = {Grey Ballard and Austin R. Benson and Alex Druinsky and Benjamin Lipshitz and Oded Schwartz},
	doi = {10.1137/15M1032168},
	eprint = {http://dx.doi.org/10.1137/15M1032168},
	file = {BBDLS16.pdf:BBDLS16.pdf:PDF},
	journal = {SIAM Journal on Matrix Analysis and Applications},
	number = {4},
	pages = {1382-1418},
	techversion = {BBDLS15-TR},
	title = {Improving the Numerical Stability of Fast Matrix Multiplication},
	url = {http://dx.doi.org/10.1137/15M1032168},
	volume = {37},
	year = {2016},
	Bdsk-Url-1 = {http://dx.doi.org/10.1137/15M1032168}}

@article{Smirnov13,
	author = {Smirnov, A.V.},
	doi = {10.1134/S0965542513120129},
	file = {:Smirnov13.pdf:PDF},
	issn = {0965-5425},
	journal = {Computational Mathematics and Mathematical Physics},
	keywords = {bilinear complexity; rank of the matrix multiplication problem; boundary rank; algorithms for exact and approximate matrix multiplication; least-squares method; objective function},
	language = {English},
	number = {12},
	pages = {1781--1795},
	publisher = {Springer US},
	title = {The bilinear complexity and practical algorithms for matrix multiplication},
	url = {http://dx.doi.org/10.1134/S0965542513120129},
	volume = {53},
	year = {2013},
	Bdsk-Url-1 = {http://dx.doi.org/10.1134/S0965542513120129}}

@article{Schonhage81,
	author = {Sch{\"o}nhage, Arnold},
	doi = {10.1137/0210032},
	journal = {SIAM Journal on Computing},
	number = {3},
	pages = {434--455},
	publisher = {SIAM},
	title = {Partial and total matrix multiplication},
	url = {https://epubs.siam.org/doi/abs/10.1137/0210032},
	volume = {10},
	year = {1981},
	Bdsk-Url-1 = {https://epubs.siam.org/doi/abs/10.1137/0210032},
	Bdsk-Url-2 = {https://doi.org/10.1137/0210032}}

@article{Smirnov15,
	author = {Smirnov, A.V.},
	doi = {10.1134/S0965542515040168},
	journal = {Computational Mathematics and Mathematical Physics},
	number = {4},
	pages = {541--545},
	publisher = {Springer},
	title = {A bilinear algorithm of length 22 for approximate multiplication of 2 x 7 and 7 x 2 matrices},
	url = {https://link.springer.com/article/10.1134/S0965542515040168},
	volume = {55},
	year = {2015},
	Bdsk-Url-1 = {https://link.springer.com/article/10.1134/S0965542515040168},
	Bdsk-Url-2 = {https://doi.org/10.1134/S0965542515040168}}

@techreport{Smirnov14,
	author = {Smirnov, A.V.},
	institution = {arXiv},
	number = {1412.1687},
	title = {The Approximate Bilinear Algorithm of Length 46 for Multiplication of 4 x 4 Matrices},
	url = {https://arxiv.org/abs/1412.1687},
	year = {2014},
	Bdsk-Url-1 = {https://arxiv.org/abs/1412.1687}}

@techreport{Smirnov16a,
	author = {Smirnov, A.V.},
	institution = {ResearchGate},
	title = {An Approximate Bilinear Algorithm of Length 27 for Multiplication of 3 x 3 and 3 x 4 Matrices},
	url = {https://www.researchgate.net/publication/299599750},
	year = {2016},
	Bdsk-Url-1 = {https://www.researchgate.net/publication/299599750}}

@techreport{Smirnov18,
	author = {Smirnov, A.V.},
	institution = {ResearchGate},
	title = {An Approximate Bilinear Algorithm for Multiplying 5 x 5 Matrices of Length},
	url = {https://www.researchgate.net/publication/329800232},
	year = {2018},
	Bdsk-Url-1 = {https://www.researchgate.net/publication/329800232}}

@article{AS13,
	author = {Alekseev, V.B. and Smirnov, A.V.},
	doi = {10.1134/S0081543813070079},
	file = {AS13.pdf:AS13.pdf:PDF},
	issn = {0081-5438},
	journal = {Proceedings of the Steklov Institute of Mathematics},
	language = {English},
	number = {1},
	pages = {123--139},
	publisher = {Springer US},
	title = {On the exact and approximate bilinear complexities of multiplication of 4x2 and 2x2 matrices},
	url = {http://dx.doi.org/10.1134/S0081543813070079},
	volume = {282},
	year = {2013},
	Bdsk-Url-1 = {http://dx.doi.org/10.1134/S0081543813070079}}

@techreport{Smirnov16b,
	author = {Smirnov, A.V.},
	institution = {ResearchGate},
	title = {On the Approximate Bilinear Algorithms for Multiplication of N x N and N x 2 Matrices},
	url = {https://www.researchgate.net/publication/308992223},
	year = {2016},
	Bdsk-Url-1 = {https://www.researchgate.net/publication/308992223}}

@inproceedings{BB15,
	acmid = {2688513},
	address = {New York, NY, USA},
	author = {Benson, Austin R. and Ballard, Grey},
	booktitle = {Proceedings of the 20th ACM SIGPLAN Symposium on Principles and Practice of Parallel Programming},
	doi = {10.1145/2688500.2688513},
	file = {:BB15.pdf:PDF},
	isbn = {978-1-4503-3205-7},
	location = {San Francisco, CA, USA},
	month = {February},
	numpages = {12},
	pages = {42--53},
	publisher = {ACM},
	series = {PPoPP 2015},
	techversion = {BB14-TR},
	title = {A Framework for Practical Parallel Fast Matrix Multiplication},
	url = {http://doi.acm.org/10.1145/2688500.2688513},
	year = {2015},
	Bdsk-Url-1 = {http://doi.acm.org/10.1145/2688500.2688513},
	Bdsk-Url-2 = {https://doi.org/10.1145/2688500.2688513}}

@inproceedings{AW21,
	author = {Josh Alman and Virginia Vassilevska Williams},
	booktitle = {Proceedings of the 2021 ACM-SIAM Symposium on Discrete Algorithms},
	doi = {10.1137/1.9781611976465.32},
	file = {:AW21.pdf:PDF},
	pages = {522-539},
	series = {SODA 21},
	title = {A Refined Laser Method and Faster Matrix Multiplication},
	url = {https://epubs.siam.org/doi/abs/10.1137/1.9781611976465.32},
	year = {2021},
	Bdsk-Url-1 = {https://epubs.siam.org/doi/abs/10.1137/1.9781611976465.32},
	Bdsk-Url-2 = {https://doi.org/10.1137/1.9781611976465.32}}

@article{Bini80,
	author = {Bini, D.},
	doi = {10.1007/BF02575865},
	file = {Bini80.pdf:Bini80.pdf:PDF},
	issn = {0008-0624},
	journal = {CALCOLO},
	language = {English},
	number = {1},
	pages = {87--97},
	publisher = {Springer-Verlag},
	title = {Relations between exact and approximate bilinear algorithms. Applications},
	url = {http://dx.doi.org/10.1007/BF02575865},
	volume = {17},
	year = {1980},
	Bdsk-Url-1 = {http://dx.doi.org/10.1007/BF02575865}}

@article{Strassen69,
	author = {Strassen, V.},
	doi = {10.1007/BF02165411},
	file = {:Strassen69.pdf:PDF},
	issn = {0029-599X},
	issue = {4},
	journal = {{Numerische Mathematik}},
	keyword = {Mathematics and Statistics},
	pages = {354--356},
	publisher = {Springer Berlin / Heidelberg},
	title = {Gaussian elimination is not optimal},
	url = {http://dx.doi.org/10.1007/BF02165411},
	volume = {13},
	year = {1969},
	Bdsk-Url-1 = {http://dx.doi.org/10.1007/BF02165411}}

@inproceedings{GAGN15,
	address = {Lille, France},
	author = {Suyog Gupta and Ankur Agrawal and Kailash Gopalakrishnan and Pritish Narayanan},
	booktitle = {Proceedings of the 32nd International Conference on Machine Learning},
	editor = {Francis Bach and David Blei},
	month = {07--09 Jul},
	pages = {1737--1746},
	publisher = {PMLR},
	series = {ICML '15},
	title = {Deep Learning with Limited Numerical Precision},
	url = {http://proceedings.mlr.press/v37/gupta15.html},
	volume = {37},
	year = {2015},
	Bdsk-Url-1 = {http://proceedings.mlr.press/v37/gupta15.html}}

@article{HCSEB17,
	author = {Hubara, Itay and Courbariaux, Matthieu and Soudry, Daniel and El-Yaniv, Ran and Bengio, Yoshua},
	journal = {The Journal of Machine Learning Research},
	number = {1},
	pages = {6869--6898},
	title = {Quantized neural networks: Training neural networks with low precision weights and activations},
	url = {https://jmlr.org/papers/v18/16-456.html},
	volume = {18},
	year = {2017},
	Bdsk-Url-1 = {https://jmlr.org/papers/v18/16-456.html}}

@inproceedings{KAA20,
	address = {New York, NY, USA},
	author = {Khaled, Ahmed and Atiya, Amir F. and Abdel-Gawad, Ahmed H.},
	booktitle = {Proceedings of the 35th Annual ACM Symposium on Applied Computing},
	doi = {10.1145/3341105.3373852},
	file = {:KAA20.pdf:PDF},
	isbn = {9781450368667},
	location = {Brno, Czech Republic},
	numpages = {4},
	pages = {1034-1037},
	publisher = {Association for Computing Machinery},
	series = {SAC '20},
	title = {Applying Fast Matrix Multiplication to Neural Networks},
	url = {https://doi.org/10.1145/3341105.3373852},
	year = {2020},
	Bdsk-Url-1 = {https://doi.org/10.1145/3341105.3373852}}

@techreport{KM+19,
	author = {Dhiraj D. Kalamkar and others},
	date-modified = {2021-07-02 16:20:18 -0400},
	institution = {arXiv},
	number = {abs/1905.12322},
	title = {A Study of {BFLOAT16} for Deep Learning Training},
	url = {http://arxiv.org/abs/1905.12322},
	year = {2019},
	Bdsk-Url-1 = {http://arxiv.org/abs/1905.12322}}

@inproceedings{YWC20,
	author = {D. {Yan} and W. {Wang} and X. {Chu}},
	booktitle = {IEEE International Parallel and Distributed Processing Symposium},
	doi = {10.1109/IPDPS47924.2020.00071},
	pages = {634-643},
	series = {IPDPS '20},
	title = {Demystifying Tensor Cores to Optimize Half-Precision Matrix Multiply},
	url = {http://dx.doi.org/10.1109/IPDPS47924.2020.00071},
	year = {2020},
	Bdsk-Url-1 = {http://dx.doi.org/10.1109/IPDPS47924.2020.00071}}

@inproceedings{NPOV15,
	author = {Novikov, Alexander and Podoprikhin, Dmitrii and Osokin, Anton and Vetrov, Dmitry},
	booktitle = {Advances in Neural Information Processing Systems},
	file = {:NPOV15.pdf:PDF},
	publisher = {Curran Associates, Inc.},
	title = {Tensorizing Neural Networks},
	url = {https://proceedings.neurips.cc/paper/2015/file/6855456e2fe46a9d49d3d3af4f57443d-Paper.pdf},
	volume = {28},
	year = {2015},
	Bdsk-Url-1 = {https://proceedings.neurips.cc/paper/2015/file/6855456e2fe46a9d49d3d3af4f57443d-Paper.pdf}}

@techreport{CW+14,
	author = {Sharan Chetlur and Cliff Woolley and Philippe Vandermersch and Jonathan Cohen and John Tran and Bryan Catanzaro and Evan Shelhamer},
	institution = {arXiv},
	number = {1410.0759},
	title = {{cuDNN}: Efficient Primitives for Deep Learning},
	url = {http://arxiv.org/abs/1410.0759},
	year = {2014},
	Bdsk-Url-1 = {http://arxiv.org/abs/1410.0759}}

@techreport{GB+19,
	author = {Evangelos Georganas and Kunal Banerjee and Dhiraj D. Kalamkar and Sasikanth Avancha and Anand Venkat and Michael J. Anderson and Greg Henry and Hans Pabst and Alexander Heinecke},
	institution = {arXiv},
	number = {1906.06440},
	title = {High-Performance Deep Learning via a Single Building Block},
	url = {http://arxiv.org/abs/1906.06440},
	year = {2019},
	Bdsk-Url-1 = {http://arxiv.org/abs/1906.06440}}

@article{HSW89,
	author = {Hornik, Kurt and Stinchcombe, Maxwell and White, Halbert},
	journal = {Neural networks},
	number = {5},
	pages = {359--366},
	publisher = {Elsevier},
	title = {Multilayer feedforward networks are universal approximators},
	url = {https://doi.org/10.1016/0893-6080(89)90020-8},
	volume = {2},
	year = {1989},
	Bdsk-Url-1 = {https://doi.org/10.1016/0893-6080(89)90020-8}}

@article{Pan84,
	author = {Pan, V.},
	doi = {10.1137/1026076},
	eprint = {http://dx.doi.org/10.1137/1026076},
	file = {Pan84.pdf:Pan84.pdf:PDF},
	journal = {SIAM Review},
	number = {3},
	pages = {393--415},
	title = {How Can We Speed Up Matrix Multiplication?},
	url = {http://dx.doi.org/10.1137/1026076},
	volume = {26},
	year = {1984},
	Bdsk-Url-1 = {http://dx.doi.org/10.1137/1026076}}

@inproceedings{Williams12,
	acmid = {2214056},
	author = {Williams, V.},
	booktitle = {Proceedings of the 44th Annual Symposium on Theory of Computing},
	doi = {10.1145/2213977.2214056},
	file = {:Williams12.pdf:PDF},
	isbn = {978-1-4503-1245-5},
	location = {New York, New York, USA},
	numpages = {12},
	pages = {887--898},
	publisher = {ACM},
	series = {STOC '12},
	title = {Multiplying matrices faster than {C}oppersmith-{W}inograd},
	url = {http://doi.acm.org/10.1145/2213977.2214056},
	year = {2012},
	Bdsk-Url-1 = {http://doi.acm.org/10.1145/2213977.2214056},
	Bdsk-Url-2 = {https://doi.org/10.1145/2213977.2214056}}

@inproceedings{CW87,
	acmid = {28396},
	address = {New York, NY, USA},
	author = {Coppersmith, D. and Winograd, S.},
	booktitle = {Proceedings of the Nineteenth Annual ACM Symposium on Theory of Computing},
	doi = {http://doi.acm.org/10.1145/28395.28396},
	isbn = {0-89791-221-7},
	location = {New York, New York, United States},
	numpages = {6},
	pages = {1--6},
	publisher = {ACM},
	series = {STOC '87},
	title = {Matrix multiplication via arithmetic progressions},
	url = {http://doi.acm.org/10.1145/28395.28396},
	year = {1987},
	Bdsk-Url-1 = {http://doi.acm.org/10.1145/28395.28396}}
