@Article{BCRL79,
  Title                    = { {$O(n^{2.7799})$} complexity for {$n \times n$} approximate matrix multiplication},
  Author                   = {D. Bini and M. Capovani and F. Romani and G. Lotti},
  Journal                  = {{Information Processing Letters}},
  Year                     = {1979},
  Number                   = {5},
  Pages                    = {234--235},
  Volume                   = {8},

  Doi                      = {DOI: 10.1016/0020-0190(79)90113-3},
  File                     = {:BCRL79.pdf:PDF},
  ISSN                     = {0020-0190},
  Keywords                 = {Analysis of algorithms; computational complexity; numerical mathematics},
  Url                      = {http://www.sciencedirect.com/science/article/B6V0F-45FCWS8-2J/2/5fe4a4c2f661f7d574409b8999cb3914}
}


@Article{BLR80,
  Title                    = {Approximate solutions for the bilinear form computational problem},
  Author                   = {Bini, Dario and Lotti, Grazia and Romani, Francesco},
  Journal                  = {SIAM Journal on Computing},
  Year                     = {1980},
  Number                   = {4},
  Pages                    = {692--697},
  Volume                   = {9},

  File                     = {BLR80.pdf:BLR80.pdf:PDF},
  Publisher                = {SIAM},
  Url                      = {http://epubs.siam.org/doi/10.1137/0209053}
}

@Article{Smirnov13,
  Title                    = {The bilinear complexity and practical algorithms for matrix multiplication},
  Author                   = {Smirnov, A.V.},
  Journal                  = {Computational Mathematics and Mathematical Physics},
  Year                     = {2013},
  Number                   = {12},
  Pages                    = {1781--1795},
  Volume                   = {53},

  Doi                      = {10.1134/S0965542513120129},
  File                     = {:Smirnov13.pdf:PDF},
  ISSN                     = {0965-5425},
  Keywords                 = {bilinear complexity; rank of the matrix multiplication problem; boundary rank; algorithms for exact and approximate matrix multiplication; least-squares method; objective function},
  Language                 = {English},
  Publisher                = {Springer US},
  Url                      = {http://dx.doi.org/10.1134/S0965542513120129}
}

@article{Schonhage81,
  title={Partial and total matrix multiplication},
  author={Sch{\"o}nhage, Arnold},
  journal={SIAM Journal on Computing},
  volume={10},
  number={3},
  pages={434--455},
  year={1981},
  publisher={SIAM},
  
  Doi = {10.1137/0210032},
  Url = {https://epubs.siam.org/doi/abs/10.1137/0210032}
}

@article{Smirnov15,
  title={A bilinear algorithm of length 22 for approximate multiplication of 2$\times$ 7 and 7$\times$ 2 matrices},
  author={Smirnov, AV},
  journal={Computational Mathematics and Mathematical Physics},
  volume={55},
  number={4},
  pages={541--545},
  year={2015},
  publisher={Springer},
  
  Doi = {10.1134/S0965542515040168},
  Url = {https://link.springer.com/article/10.1134/S0965542515040168}
}

@techreport{Smirnov14,
  title={The Approximate Bilinear Algorithm of Length 46 for Multiplication of 4 x 4 Matrices},
  author={Smirnov, AV},
  institute={arXiv},
  number={1412.1687},
  year={2014},
  url={https://arxiv.org/abs/1412.1687},
}

@article{Smirnov16,
  title={An Approximate Bilinear Algorithm of Length 27 for Multiplication of 3 x 3 and 3 x 4 Matrices},
  author={Smirnov, AV and Alexey, S},
  year={106},
  Url = {https://www.researchgate.net/profile/Alexey_Smirnov10/publication/299599750_An_Approximate_Bilinear_Algorithm_of_Length_27_for_Multiplication_of_3_x_3_and_3_x_4_Matrices/links/57024ddf08ae61e0c46cf176.pdf}
}

@article{Smirnov18,
  title={An Approximate Bilinear Algorithm for Multiplying 5 x 5 Matrices of Length},
  author={Smirnov, AV},
  year={2018},
  Url = {https://www.researchgate.net/profile/Alexey_Smirnov10/publication/329800232_An_Approximate_Bilinear_Algorithm_for_Multiplying_5_x_5_Matrices_of_Length_90/links/5c1b3d91a6fdccfc705add15/An-Approximate-Bilinear-Algorithm-for-Multiplying-5-x-5-Matrices-of-Length-90.pdf}
}

@article{alekseev2013exact,
  title={On the exact and approximate bilinear complexities of multiplication of 4$\times$ 2 and 2$\times$ 2 matrices},
  author={Alekseev, VB and Smirnov, AV},
  journal={Proceedings of the Steklov Institute of Mathematics},
  volume={282},
  number={1},
  pages={123--139},
  year={2013},
  publisher={Springer},
  
  Doi = {10.1134/S0081543813070079},
  Url = {https://link.springer.com/article/10.1134/S0081543813070079#citeas}
}

@article{alexeyapproximate,
  title={On the Approximate Bilinear Algorithms for Multiplication of N x N and N x 2 Matrices AV Smirnov},
  author={Alexey, S}
}

@InProceedings{BB15,
  Title                    = {A Framework for Practical Parallel Fast Matrix Multiplication},
  Author                   = {Benson, Austin R. and Ballard, Grey},
  Booktitle                = {Proceedings of the 20th ACM SIGPLAN Symposium on Principles and Practice of Parallel Programming},
  Year                     = {2015},
  Address                  = {New York, NY, USA},
  Month                    = {February},
  Pages                    = {42--53},
  Publisher                = {ACM},
  Series                   = {PPoPP 2015},
  Acmid                    = {2688513},
  Doi                      = {10.1145/2688500.2688513},
  File                     = {:BB15.pdf:PDF},
  ISBN                     = {978-1-4503-3205-7},
  Location                 = {San Francisco, CA, USA},
  Numpages                 = {12},
  Techversion              = {BB14-TR},
  Url                      = {http://doi.acm.org/10.1145/2688500.2688513}
}
